%% This BibTeX bibliography file was created using BibDesk.
%% https://bibdesk.sourceforge.io/

%% Created for Duan Moming at 2022-12-19 23:12:12 +0800 


%% Saved with string encoding Unicode (UTF-8) 


@string{academic = {Academic Press}}

@string{acmmathsoft = {{ACM} Trans. Math. Software}}

@string{acmpress = {{ACM} Press}}

@string{adamhilger = {Adam Hilger}}

@string{addisonwesley = {Addison-Wesley}}

@string{allynbacon = {Allyn and Bacon}}

@string{amermathmonthly = {Amer. Math. Monthly}}

@string{amersocio = {American Journal of Sociology}}

@string{amerstatassoc = {J. Amer. Statist. Assoc.}}

@string{ams = {American Mathematical Society}}

@string{amstrans = {Amer. Math. Soc. Transl.}}

@string{applmathcomp = {Appl. Math. Comput.}}

@string{birkhauser = {Birkha{\"u}ser}}

@string{bit = {{BIT}}}

@string{britstatpsych = {Brit. J. Math. Statist. Psych.}}

@string{bullams = {Bull. Amer. Math. Soc.}}

@string{cacm = {Commun. {ACM}}}

@string{cambridgepress = {Cambridge University Press}}

@string{canmathbull = {Canad. Math. Bull.}}

@string{chelsea = {Chelsea}}

@string{claredonpress = {Claredon Press}}

@string{compapplmath = {J. Comput. Appl. Math.}}

@string{compjour = {Comput. J.}}

@string{compphys = {J. Comput. Phys.}}

@string{compserv = {Comput. Surveys}}

@string{compstruct = {Comput. \& Structures}}

@string{compsyssci = {J. Comput. System Sci.}}

@string{computer = {{IEEE} Computer}}

@string{computing = {Computing}}

@string{contempmath = {Contemp. Math.}}

@string{crelle = {Crelle's Journal}}

@string{doverpub = {Dover Publications}}

@string{eyolles = {Eyolles}}

@string{giornalemath = {Giorn. Mat.}}

@string{holtrinehartwinston = {Holt, Rinehart and Winston}}

@string{ieeespec = {{IEEE} Spectrum}}

@string{ieeetransac = {{IEEE} Trans. Automat. Control}}

@string{ieeetransaeroelec = {{IEEE} Trans. Aerospace Electron. Systems}}

@string{ieeetranscomp = {{IEEE} Trans. Comput.}}

@string{imanumerana = {{IMA} J. Numer. Anal.}}

@string{infproclet = {Inform. Process. Lett.}}

@string{instmathapp = {J. Inst. Math. Appl.}}

@string{intcontrol = {Internat. J. Control}}

@string{interscience = {Interscience}}

@string{intnumereng = {Internat. J. Numer. Methods Engrg.}}

@string{intsuper = {Internat. J. Supercomputing Applic.}}

@string{jacm = {J. ACM}}

@string{johnshopkinspress = {The Johns Hopkins University Press}}

@string{johnwileysons = {John Wiley and Sons}}

@string{jresnatburstand = {J. Res. Nat. Bur. Standards}}

@string{jsiam = {J. Soc. Indust. Appl. Math.}}

@string{jsiamb = {J. Soc. Indust. Appl. Math. Ser. B Numer. Anal.}}

@string{kibernetika = {Kibernetika}}

@string{linalgapp = {Linear Algebra Appl.}}

@string{macmillan = {Macmillan}}

@string{mathanaappl = {J. Math. Anal. Appl.}}

@string{mathannalen = {Math. Ann.}}

@string{mathcomp = {Math. Comp.}}

@string{mathphys = {J. Math. Phys.}}

@string{mathscand = {Math. Scand.}}

@string{mathworks = {The Math Works Inc.}}

@string{mcgrawhill = {McGraw-Hill}}

@string{natburstd = {National Bureau of Standards}}

@string{northholland = {North-Holland}}

@string{numermath = {Numer. Math.}}

@string{oxfordpress = {Oxford University Press}}

@string{pacificmath = {Pacific J. Math.}}

@string{parcomputing = {Parallel Comput.}}

@string{pardistcomp = {J. Parallel and Distrib. Comput.}}

@string{pergamonpress = {Pergamon Press}}

@string{philmag = {Philos. Mag.}}

@string{plenumpress = {Plenum Press}}

@string{prenticehall = {Prentice-Hall}}

@string{procams = {Proc. Amer. Math. Soc.}}

@string{procieee = {Proc. {IEEE}}}

@string{procnas = {Proc. Nat. Acad. Sci. U. S. A.}}

@string{psychometrika = {Psychometrika}}

@string{quartapplmath = {Quart. Appl. Math.}}

@string{quartmath = {Quart. J. Math. Oxford Ser. (2)}}

@string{revueinststat = {Rev. Inst. Internat. Statist.}}

@string{siamalgmeth = {{SIAM} J. Algebraic Discrete Methods}}

@string{siamappmath = {{SIAM} J. Appl. Math.}}

@string{siamcomp = {{SIAM} J. Comput.}}

@string{siammatrix = {{SIAM} J. Matrix Anal. Appl.}}

@string{siamnumanal = {{SIAM} J. Numer. Anal.}}

@string{siampub = {{SIAM} Publications}}

@string{siamreview = {{SIAM} Rev.}}

@string{siamscistat = {{SIAM} J. Sci. Statist. Comput.}}

@string{signum = {{ACM} {SIGNUM} Newslett.}}

@string{softpracexp = {Software Prac. Experience}}

@string{springer = {Springer-Verlag}}

@string{statscience = {Statist. Sci.}}

@string{tablesaidscomp = {Math. Tables Aids Comput.}}

@string{techno = {Technometrics}}

@string{texaspress = {University of Texas Press}}

@string{transams = {Trans. Amer. Math. Soc.}}

@string{ussrcompmathphys = {{U. S. S. R.} Comput. Math. and Math. Phys.}}

@string{vannostrand = {Van Nostrand}}

@string{vlsicompsys = {J. {VLSI} Comput. Syst.}}

@string{whfreeman = {W. H. Freeman and Co.}}

@string{zangewmathmech = {Z. Angew. Math. Mech.}}

@string{zangewmathphys = {Z. Angew. Math. Phys.}}


@article{li2019survey,
	author = {Li, Qinbin and Wen, Zeyi and Wu, Zhaomin and Hu, Sixu and Wang, Naibo and Li, Yuan and Liu, Xu and He, Bingsheng},
	date-added = {2022-12-19 23:11:33 +0800},
	date-modified = {2022-12-19 23:11:33 +0800},
	journal = {arXiv preprint arXiv:1907.09693},
	title = {A survey on federated learning systems: vision, hype and reality for data privacy and protection},
	year = {2019}}

@article{pan2009survey,
	author = {Pan, Sinno Jialin and Yang, Qiang},
	date-added = {2022-12-19 23:11:33 +0800},
	date-modified = {2022-12-19 23:11:33 +0800},
	journal = {IEEE Transactions on knowledge and data engineering (TKDE)},
	number = {10},
	pages = {1345--1359},
	publisher = {IEEE},
	title = {A survey on transfer learning},
	volume = {22},
	year = {2009}}

@article{kingma2014adam,
	author = {Kingma, Diederik P and Ba, Jimmy},
	date-added = {2022-12-19 23:11:33 +0800},
	date-modified = {2022-12-19 23:11:33 +0800},
	journal = {arXiv preprint arXiv:1412.6980},
	title = {Adam: A method for stochastic optimization},
	year = {2014}}

@article{wang2019adaptive,
	author = {Wang, Shiqiang and Tuor, Tiffany and Salonidis, Theodoros and Leung, Kin K and Makaya, Christian and He, Ting and Chan, Kevin},
	date-added = {2022-12-19 23:11:33 +0800},
	date-modified = {2022-12-19 23:11:33 +0800},
	journal = {IEEE Journal on Selected Areas in Communications},
	number = {6},
	pages = {1205--1221},
	publisher = {IEEE},
	title = {Adaptive federated learning in resource constrained edge computing systems},
	volume = {37},
	year = {2019}}

@inproceedings{wang2021addressing,
	author = {Wang, Lixu and Xu, Shichao and Wang, Xiao and Zhu, Qi},
	booktitle = {Proceedings of the 35th AAAI Conference on Artificial Intelligence (AAAI)},
	date-added = {2022-12-19 23:11:33 +0800},
	date-modified = {2022-12-19 23:11:33 +0800},
	number = {11},
	pages = {10165--10173},
	title = {Addressing class imbalance in federated learning},
	volume = {35},
	year = {2021}}

@inproceedings{mohri2019agnostic,
	author = {Mohri, Mehryar and Sivek, Gary and Suresh, Ananda Theertha},
	booktitle = {Proceedings of the 36th International Conference on Machine Learning (ICML)},
	date-added = {2022-12-19 23:11:33 +0800},
	date-modified = {2022-12-19 23:11:33 +0800},
	pages = {4615--4625},
	title = {Agnostic Federated Learning},
	year = {2019}}

@inproceedings{ghosh2020efficient,
	author = {Ghosh, Avishek and Chung, Jichan and Yin, Dong and Ramchandran, Kannan},
	booktitle = {Advances in Neural Information Processing Systems (NeurIPS)},
	date-added = {2022-12-19 23:11:33 +0800},
	date-modified = {2022-12-19 23:11:33 +0800},
	pages = {19586--19597},
	publisher = {Curran Associates, Inc.},
	title = {An Efficient Framework for Clustered Federated Learning},
	volume = {33},
	year = {2020}}

@article{yang2018applied,
	author = {Yang, Timothy and Andrew, Galen and Eichner, Hubert and Sun, Haicheng and Li, Wei and Kong, Nicholas and Ramage, Daniel and Beaufays, Fran{\c{c}}oise},
	date-added = {2022-12-19 23:11:33 +0800},
	date-modified = {2022-12-19 23:11:33 +0800},
	journal = {arXiv preprint arXiv:1812.02903},
	title = {Applied federated learning: Improving google keyboard query suggestions},
	year = {2018}}

@inproceedings{deng2019arcface,
	author = {Deng, Jiankang and Guo, Jia and Xue, Niannan and Zafeiriou, Stefanos},
	booktitle = {Proceedings of the IEEE Conference on Computer Vision and Pattern Recognition (CVPR)},
	date-added = {2022-12-19 23:11:33 +0800},
	date-modified = {2022-12-19 23:11:33 +0800},
	pages = {4690--4699},
	title = {Arcface: Additive angular margin loss for deep face recognition},
	year = {2019}}

@inproceedings{duan2019astraea,
	author = {Duan, Moming and Liu, Duo and Chen, Xianzhang and Tan, Yujuan and Ren, Jinting and Qiao, Lei and Liang, Liang},
	booktitle = {Proceedings of the IEEE 37th International Conference on Computer Design (ICCD)},
	date-added = {2022-12-19 23:11:33 +0800},
	date-modified = {2022-12-19 23:11:33 +0800},
	organization = {IEEE},
	pages = {246--254},
	title = {Astraea: Self-balancing federated learning for improving classification accuracy of mobile deep learning applications},
	year = {2019}}

@inproceedings{wang2019beyond,
	author = {Wang, Zhibo and Song, Mengkai and Zhang, Zhifei and Song, Yang and Wang, Qian and Qi, Hairong},
	booktitle = {Proceedings of the 2019 IEEE Conference on Computer Communications (INFOCOM)},
	date-added = {2022-12-19 23:11:33 +0800},
	date-modified = {2022-12-19 23:11:33 +0800},
	organization = {IEEE},
	pages = {2512--2520},
	title = {Beyond Inferring Class Representatives: User-Level Privacy Leakage From Federated Learning},
	year = {2019}}

@inproceedings{han2005borderline,
	author = {Han, Hui and Wang, Wen-Yuan and Mao, Bing-Huan},
	booktitle = {Proceedings of the International conference on intelligent computing (ICIC)},
	date-added = {2022-12-19 23:11:33 +0800},
	date-modified = {2022-12-19 23:11:33 +0800},
	organization = {Springer},
	pages = {878--887},
	title = {Borderline-{SMOTE}: a new over-sampling method in imbalanced data sets learning},
	year = {2005}}

@article{darlow2018cinic,
	author = {Darlow, Luke N and Crowley, Elliot J and Antoniou, Antreas and Storkey, Amos J},
	date-added = {2022-12-19 23:11:33 +0800},
	date-modified = {2022-12-19 23:11:33 +0800},
	journal = {arXiv preprint arXiv:1810.03505},
	title = {CINIC-10 is not ImageNet or CIFAR-10},
	year = {2018}}

@inproceedings{liu2020client,
	author = {Liu, Lumin and Zhang, Jun and Song, SH and Letaief, Khaled B},
	booktitle = {Proceedings of the IEEE International Conference on Communications (ICC)},
	date-added = {2022-12-19 23:11:33 +0800},
	date-modified = {2022-12-19 23:11:33 +0800},
	organization = {IEEE},
	pages = {1--6},
	title = {Client-edge-cloud hierarchical federated learning},
	year = {2020}}

@article{sattler2020clustered,
	author = {Sattler, Felix and M{\"u}ller, Klaus-Robert and Samek, Wojciech},
	date-added = {2022-12-19 23:11:33 +0800},
	date-modified = {2022-12-19 23:11:33 +0800},
	journal = {IEEE Transactions on Neural Networks and Learning Systems (TNNLS)},
	pages = {1-13},
	publisher = {IEEE},
	title = {Clustered Federated Learning: Model-Agnostic Distributed Multitask Optimization Under Privacy Constraints},
	year = {2020}}

@article{pang2021collaborative,
	author = {Pang, Junjie and Huang, Yan and Xie, Zhenzhen and Li, Jianbo and Cai, Zhipeng},
	date-added = {2022-12-19 23:11:33 +0800},
	date-modified = {2022-12-19 23:11:33 +0800},
	journal = {Tsinghua Science and Technology},
	number = {5},
	pages = {759--771},
	publisher = {TUP},
	title = {Collaborative city digital twin for the COVID-19 pandemic: A federated learning solution},
	volume = {26},
	year = {2021}}

@inproceedings{shamir2014communication,
	author = {Shamir, Ohad and Srebro, Nati and Zhang, Tong},
	booktitle = {Proceedings of the 31th International conference on machine learning (ICML)},
	date-added = {2022-12-19 23:11:33 +0800},
	date-modified = {2022-12-19 23:11:33 +0800},
	pages = {1000--1008},
	title = {Communication-efficient distributed optimization using an approximate newton-type method},
	year = {2014}}

@inproceedings{mcmahan2017communication,
	author = {McMahan, Brendan and Moore, Eider and Ramage, Daniel and Hampson, Seth and y Arcas, Blaise Aguera},
	booktitle = {Proceedings of the 20th International Conference on Artificial Intelligence and Statistics (AISTATS)},
	date-added = {2022-12-19 23:11:33 +0800},
	date-modified = {2022-12-19 23:11:33 +0800},
	pages = {1273--1282},
	title = {Communication-Efficient Learning of Deep Networks from Decentralized Data},
	year = {2017}}

@inproceedings{agarwal2018cpsgd,
	author = {Agarwal, Naman and Suresh, Ananda Theertha and Yu, Felix Xinnan X and Kumar, Sanjiv and McMahan, Brendan},
	booktitle = {Proceedings of the 32nd International Conference on Neural Information Processing Systems (NeurIPS)},
	date-added = {2022-12-19 23:11:33 +0800},
	date-modified = {2022-12-19 23:11:33 +0800},
	pages = {7564--7575},
	title = {cp{SGD}: Communication-efficient and differentially-private distributed {SGD}},
	year = {2018}}

@article{zhang2021csafl,
	author = {Zhang, Yu and Duan, Moming and Liu, Duo and Li, Li and Ren, Ao and Chen, Xianzhang and Tan, Yujuan and Wang, Chengliang},
	date-added = {2022-12-19 23:11:33 +0800},
	date-modified = {2022-12-19 23:11:33 +0800},
	journal = {arXiv preprint arXiv:2104.08184},
	title = {CSAFL: A Clustered Semi-Asynchronous Federated Learning Framework},
	year = {2021}}

@article{lecun2015deep,
	author = {LeCun, Yann and Bengio, Yoshua and Hinton, Geoffrey},
	date-added = {2022-12-19 23:11:33 +0800},
	date-modified = {2022-12-19 23:11:33 +0800},
	journal = {nature},
	number = {7553},
	pages = {436},
	publisher = {Nature Publishing Group},
	title = {Deep learning},
	volume = {521},
	year = {2015}}

@inproceedings{zhang2015deep,
	author = {Zhang, Sixin and Choromanska, Anna E and LeCun, Yann},
	booktitle = {Proceedings of the 28th International Conference on Neural Information Processing Systems (NeurIPS)},
	date-added = {2022-12-19 23:11:33 +0800},
	date-modified = {2022-12-19 23:11:33 +0800},
	pages = {685--693},
	title = {Deep learning with elastic averaging SGD},
	year = {2015}}

@article{hinton2012deep,
	author = {Hinton, Geoffrey and Deng, Li and Yu, Dong and Dahl, George and Mohamed, Abdel-rahman and Jaitly, Navdeep and Senior, Andrew and Vanhoucke, Vincent and Nguyen, Patrick and Kingsbury, Brian and others},
	date-added = {2022-12-19 23:11:33 +0800},
	date-modified = {2022-12-19 23:11:33 +0800},
	journal = {IEEE Signal processing magazine},
	title = {Deep neural networks for acoustic modeling in speech recognition},
	volume = {29},
	year = {2012}}

@article{low2012distributed,
	author = {Low, Yucheng and Gonzalez, Joseph and Kyrola, Aapo and Bickson, Danny and Guestrin, Carlos and Hellerstein, Joseph M},
	date-added = {2022-12-19 23:11:33 +0800},
	date-modified = {2022-12-19 23:11:33 +0800},
	journal = {Proceedings of the VLDB Endowment},
	number = {8},
	title = {Distributed GraphLab: A Framework for Machine Learning and Data Mining in the Cloud},
	volume = {5},
	year = {2012}}

@article{li2020ditto,
	author = {Li, Tian and Hu, Shengyuan and Beirami, Ahmad and Smith, Virginia},
	date-added = {2022-12-19 23:11:33 +0800},
	date-modified = {2022-12-19 23:11:33 +0800},
	journal = {arXiv preprint arXiv:2012.04221},
	title = {Ditto: Fair and robust federated learning through personalization},
	year = {2020}}

@inproceedings{cohen2017emnist,
	author = {Cohen, Gregory and Afshar, Saeed and Tapson, Jonathan and van Schaik, Andr{\'e}},
	booktitle = {Proceedings of the 2017 International Joint Conference on Neural Networks (IJCNN)},
	date-added = {2022-12-19 23:11:33 +0800},
	date-modified = {2022-12-19 23:11:33 +0800},
	organization = {IEEE},
	pages = {2921--2926},
	title = {{EMNIST}: Extending MNIST to handwritten letters},
	year = {2017}}

@inproceedings{maqueda2018event,
	author = {Maqueda, Ana I and Loquercio, Antonio and Gallego, Guillermo and Garc{\'\i}a, Narciso and Scaramuzza, Davide},
	booktitle = {Proceedings of the IEEE Conference on Computer Vision and Pattern Recognition (CVPR)},
	date-added = {2022-12-19 23:11:33 +0800},
	date-modified = {2022-12-19 23:11:33 +0800},
	pages = {5419--5427},
	title = {Event-based vision meets deep learning on steering prediction for self-driving cars},
	year = {2018}}

@article{xiao2017fashion,
	author = {Xiao, Han and Rasul, Kashif and Vollgraf, Roland},
	date-added = {2022-12-19 23:11:33 +0800},
	date-modified = {2022-12-19 23:11:33 +0800},
	journal = {arXiv preprint arXiv:1708.07747},
	title = {Fashion-mnist: a novel image dataset for benchmarking machine learning algorithms},
	year = {2017}}

@article{li2020federated,
	author = {Li, Tian and Sahu, Anit Kumar and Talwalkar, Ameet and Smith, Virginia},
	date-added = {2022-12-19 23:11:33 +0800},
	date-modified = {2022-12-19 23:11:33 +0800},
	journal = {IEEE Signal Processing Magazine},
	number = {3},
	pages = {50--60},
	publisher = {IEEE},
	title = {Federated learning: Challenges, methods, and future directions},
	volume = {37},
	year = {2020}}

@article{hard2018federated,
	author = {Hard, Andrew and Rao, Kanishka and Mathews, Rajiv and Beaufays, Fran{\c{c}}oise and Augenstein, Sean and Eichner, Hubert and Kiddon, Chlo{\'e} and Ramage, Daniel},
	date-added = {2022-12-19 23:11:33 +0800},
	date-modified = {2022-12-19 23:11:33 +0800},
	journal = {arXiv preprint arXiv:1811.03604},
	title = {Federated learning for mobile keyboard prediction},
	year = {2018}}

@inproceedings{samarakoon2018federated,
	author = {Samarakoon, Sumudu and Bennis, Mehdi and Saad, Walid and Debbah, Merouane},
	booktitle = {Proceedings of the 2018 IEEE Global Communications Conference (GLOBECOM)},
	date-added = {2022-12-19 23:11:33 +0800},
	date-modified = {2022-12-19 23:11:33 +0800},
	organization = {IEEE},
	pages = {1--7},
	title = {Federated learning for ultra-reliable low-latency V2V communications},
	year = {2018}}

@article{brisimi2018federated,
	author = {Brisimi, Theodora S and Chen, Ruidi and Mela, Theofanie and Olshevsky, Alex and Paschalidis, Ioannis Ch and Shi, Wei},
	date-added = {2022-12-19 23:11:33 +0800},
	date-modified = {2022-12-19 23:11:33 +0800},
	journal = {International journal of medical informatics},
	pages = {59--67},
	publisher = {Elsevier},
	title = {Federated learning of predictive models from federated Electronic Health Records},
	volume = {112},
	year = {2018}}

@article{li2021federated,
	author = {Li, Qinbin and Diao, Yiqun and Chen, Quan and He, Bingsheng},
	date-added = {2022-12-19 23:11:33 +0800},
	date-modified = {2022-12-19 23:11:33 +0800},
	journal = {arXiv preprint arXiv:2102.02079},
	title = {Federated learning on non-iid data silos: An experimental study},
	year = {2021}}

@inproceedings{briggs2020federated,
	author = {C. {Briggs} and Z. {Fan} and P. {Andras}},
	booktitle = {Proceedings of the IEEE International Joint Conference on Neural Networks (IJCNN)},
	date-added = {2022-12-19 23:11:33 +0800},
	date-modified = {2022-12-19 23:11:33 +0800},
	doi = {10.1109/IJCNN48605.2020.9207469},
	pages = {1-9},
	title = {Federated learning with hierarchical clustering of local updates to improve training on non-{IID} data},
	year = {2020},
	bdsk-url-1 = {https://doi.org/10.1109/IJCNN48605.2020.9207469}}

@article{zhao2018federated,
	author = {Zhao, Yue and Li, Meng and Lai, Liangzhen and Suda, Naveen and Civin, Damon and Chandra, Vikas},
	date-added = {2022-12-19 23:11:33 +0800},
	date-modified = {2022-12-19 23:11:33 +0800},
	journal = {arXiv preprint arXiv:1806.00582},
	title = {Federated learning with non-iid data},
	year = {2018}}

@article{yang2019federated,
	author = {Yang, Qiang and Liu, Yang and Chen, Tianjian and Tong, Yongxin},
	date-added = {2022-12-19 23:11:33 +0800},
	date-modified = {2022-12-19 23:11:33 +0800},
	journal = {ACM Transactions on Intelligent Systems and Technology (TIST)},
	number = {2},
	pages = {1--19},
	publisher = {ACM New York, NY, USA},
	title = {Federated machine learning: Concept and applications},
	volume = {10},
	year = {2019},
	doi={10.1145/3298981}
	}

@article{chen2018federated,
	author = {Chen, Fei and Dong, Zhenhua and Li, Zhenguo and He, Xiuqiang},
	date-added = {2022-12-19 23:11:33 +0800},
	date-modified = {2022-12-19 23:11:33 +0800},
	journal = {arXiv preprint arXiv:1802.07876},
	title = {Federated meta-learning for recommendation},
	year = {2018}}

@inproceedings{smith2017federated,
	author = {Smith, Virginia and Chiang, Chao-Kai and Sanjabi, Maziar and Talwalkar, Ameet},
	booktitle = {Proceedings of the 31st International Conference on Neural Information Processing Systems (NeurIPS)},
	date-added = {2022-12-19 23:11:33 +0800},
	date-modified = {2022-12-19 23:11:33 +0800},
	pages = {4427--4437},
	title = {Federated multi-task learning},
	year = {2017}}

@inproceedings{li2018federated,
	author = {Li, Tian and Sahu, Anit Kumar and Zaheer, Manzil and Sanjabi, Maziar and Talwalkar, Ameet and Smith, Virginia},
	booktitle = {Proceedings of the 3rd SysML Conference},
	date-added = {2022-12-19 23:11:33 +0800},
	date-modified = {2022-12-19 23:11:33 +0800},
	title = {Federated optimization in heterogeneous networks},
	year = {2020}}

@inproceedings{duan2020fedgroup,
	author = {Duan, Moming and Liu, Duo and Ji, Xinyuan and Liu, Renping and Liang, Liang and Chen, Xianzhang and Tan, Yujuan},
	booktitle = {Proceedings of 19th IEEE International Symposium on Parallel \& Distributed Processing with Applications (ISPA)},
	date-added = {2022-12-19 23:11:33 +0800},
	date-modified = {2022-12-19 23:11:33 +0800},
	organization = {IEEE},
	pages = {228--237},
	title = {{FedGroup}: Efficient Clustered Federated Learning via Decomposed Data-Driven Measure},
	year = {2021}}

@article{abdulrahman2020fedmccs,
	author = {AbdulRahman, Sawsan and Tout, Hanine and Mourad, Azzam and Talhi, Chamseddine},
	date-added = {2022-12-19 23:11:33 +0800},
	date-modified = {2022-12-19 23:11:33 +0800},
	journal = {IEEE Internet of Things Journal},
	number = {6},
	pages = {4723--4735},
	publisher = {IEEE},
	title = {FedMCCS: multicriteria client selection model for optimal IoT federated learning},
	volume = {8},
	year = {2020}}

@article{li2021fedsae,
	author = {Li, Li and Duan, Moming and Liu, Duo and Zhang, Yu and Ren, Ao and Chen, Xianzhang and Tan, Yujuan and Wang, Chengliang},
	date-added = {2022-12-19 23:11:33 +0800},
	date-modified = {2022-12-19 23:11:33 +0800},
	journal = {arXiv preprint arXiv:2104.07515},
	title = {FedSAE: A Novel Self-Adaptive Federated Learning Framework in Heterogeneous Systems},
	year = {2021}}

@article{liu2019fitcnn,
	author = {Liu, Duo and Yang, Chaoshu and Li, Shiming and Chen, Xianzhang and Ren, Jinting and Liu, Renping and Duan, Moming and Tan, Yujuan and Liang, Liang},
	date-added = {2022-12-19 23:11:33 +0800},
	date-modified = {2022-12-19 23:11:33 +0800},
	journal = {Future Generation Computer Systems},
	pages = {277--289},
	publisher = {Elsevier},
	title = {FitCNN: A cloud-assisted and low-cost framework for updating CNNs on IoT devices},
	volume = {91},
	year = {2019}}

@article{lecun1998gradient,
	author = {LeCun, Yann and Bottou, L{\'e}on and Bengio, Yoshua and Haffner, Patrick},
	date-added = {2022-12-19 23:11:33 +0800},
	date-modified = {2022-12-19 23:11:33 +0800},
	journal = {Proceedings of the IEEE},
	number = {11},
	pages = {2278--2324},
	publisher = {IEEE},
	title = {Gradient-based learning applied to document recognition},
	volume = {86},
	year = {1998}}

@book{iglewicz1993detect,
	author = {Iglewicz, Boris and Hoaglin, David Caster},
	date-added = {2022-12-19 23:11:33 +0800},
	date-modified = {2022-12-19 23:11:33 +0800},
	publisher = {Asq Press},
	title = {How to detect and handle outliers},
	volume = {16},
	year = {1993}}

@article{krizhevsky2017imagenet,
	author = {Krizhevsky, Alex and Sutskever, Ilya and Hinton, Geoffrey E},
	date-added = {2022-12-19 23:11:33 +0800},
	date-modified = {2022-12-19 23:11:33 +0800},
	journal = {Communications of the ACM},
	number = {6},
	pages = {84--90},
	publisher = {ACM New York, NY, USA},
	title = {ImageNet classification with deep convolutional neural networks},
	volume = {60},
	year = {2017}}

@techreport{arthur2006k,
	author = {Arthur, David and Vassilvitskii, Sergei},
	date-added = {2022-12-19 23:11:33 +0800},
	date-modified = {2022-12-19 23:11:33 +0800},
	institution = {Stanford},
	title = {k-means++: The advantages of careful seeding},
	year = {2006}}

@inproceedings{dean2012large,
	author = {Dean, Jeffrey and Corrado, Greg S and Monga, Rajat and Chen, Kai and Devin, Matthieu and Le, Quoc V and Mao, Mark Z and Ranzato, Marc'Aurelio and Senior, Andrew and Tucker, Paul and others},
	booktitle = {Proceedings of the 25th International Conference on Neural Information Processing Systems (NeurIPS)},
	date-added = {2022-12-19 23:11:33 +0800},
	date-modified = {2022-12-19 23:11:33 +0800},
	pages = {1223--1231},
	title = {Large scale distributed deep networks},
	year = {2012}}

@article{caldas2018leaf,
	author = {Caldas, Sebastian and Wu, Peter and Li, Tian and Kone{\v{c}}n{\`y}, Jakub and McMahan, H Brendan and Smith, Virginia and Talwalkar, Ameet},
	date-added = {2022-12-19 23:11:33 +0800},
	date-modified = {2022-12-19 23:11:33 +0800},
	journal = {arXiv preprint arXiv:1812.01097},
	title = {Leaf: A benchmark for federated settings},
	year = {2018}}

@article{he2008learning,
	author = {He, Haibo and Garcia, Edwardo A},
	date-added = {2022-12-19 23:11:33 +0800},
	date-modified = {2022-12-19 23:11:33 +0800},
	journal = {IEEE Transactions on Knowledge and Data Engineering (TKDE)},
	number = {9},
	pages = {1263--1284},
	publisher = {IEEE},
	title = {Learning from imbalanced data},
	volume = {21},
	year = {2009}}

@techreport{krizhevsky2009learning,
	author = {Krizhevsky, Alex and Hinton, Geoffrey},
	date-added = {2022-12-19 23:11:33 +0800},
	date-modified = {2022-12-19 23:11:33 +0800},
	institution = {Citeseer},
	title = {Learning multiple layers of features from tiny images},
	year = {2009}}

@inproceedings{stich2018local,
	author = {Sebastian U. Stich},
	booktitle = {Proceedings of the 7th International Conference on Learning Representations (ICLR)},
	date-added = {2022-12-19 23:11:33 +0800},
	date-modified = {2022-12-19 23:11:33 +0800},
	title = {Local {SGD} Converges Fast and Communicates Little},
	year = {2019}}

@article{lecun2010mnist,
	author = {LeCun, Yann and Cortes, Corinna and Burges, CJ},
	date-added = {2022-12-19 23:11:33 +0800},
	date-modified = {2022-12-19 23:11:33 +0800},
	journal = {ATT Labs [Online]. Available: http://yann. lecun. com/exdb/mnist},
	title = {MNIST handwritten digit database},
	volume = {2},
	year = {2010}}

@inproceedings{finn2017model,
	author = {Finn, Chelsea and Abbeel, Pieter and Levine, Sergey},
	booktitle = {Proceedings of the 34th International Conference on Machine Learning (ICML)},
	date-added = {2022-12-19 23:11:33 +0800},
	date-modified = {2022-12-19 23:11:33 +0800},
	organization = {JMLR},
	pages = {1126--1135},
	title = {Model-agnostic meta-learning for fast adaptation of deep networks},
	year = {2017}}

@article{xie2020multi,
	author = {Xie, Ming and Long, Guodong and Shen, Tao and Zhou, Tianyi and Wang, Xianzhi and Jiang, Jing},
	date-added = {2022-12-19 23:11:33 +0800},
	date-modified = {2022-12-19 23:11:33 +0800},
	journal = {arXiv preprint arXiv:2005.01026},
	title = {Multi-Center Federated Learning},
	year = {2020}}

@article{yao2007early,
	author = {Yao, Yuan and Rosasco, Lorenzo and Caponnetto, Andrea},
	date-added = {2022-12-19 23:11:33 +0800},
	date-modified = {2022-12-19 23:11:33 +0800},
	journal = {Constructive Approximation},
	number = {2},
	pages = {289--315},
	publisher = {Springer},
	title = {On early stopping in gradient descent learning},
	volume = {26},
	year = {2007}}

@article{sarkar2019perfect,
	author = {Sarkar, Soham and Ghosh, Anil K},
	date-added = {2022-12-19 23:11:33 +0800},
	date-modified = {2022-12-19 23:11:33 +0800},
	journal = {IEEE transactions on pattern analysis and machine intelligence (TPAMI)},
	number = {9},
	pages = {2257--2272},
	publisher = {IEEE},
	title = {On perfect clustering of high dimension, low sample size data},
	volume = {42},
	year = {2019}}

@inproceedings{sattler2020byzantine,
	author = {Sattler, Felix and M{\"u}ller, Klaus-Robert and Wiegand, Thomas and Samek, Wojciech},
	booktitle = {Proceedings of the IEEE International Conference on Acoustics, Speech and Signal Processing (ICASSP)},
	date-added = {2022-12-19 23:11:33 +0800},
	date-modified = {2022-12-19 23:11:33 +0800},
	organization = {IEEE},
	pages = {8861--8865},
	title = {On the Byzantine Robustness of Clustered Federated Learning},
	year = {2020}}

@inproceedings{Li2020On,
	author = {Xiang Li and Kaixuan Huang and Wenhao Yang and Shusen Wang and Zhihua Zhang},
	booktitle = {Proceedings of the 8th International Conference on Learning Representations (ICLR)},
	date-added = {2022-12-19 23:11:33 +0800},
	date-modified = {2022-12-19 23:11:33 +0800},
	title = {On the Convergence of FedAvg on Non-IID Data},
	year = {2020}}

@inproceedings{radovanovic2010existence,
	author = {Radovanovi{\'c}, Milos and Nanopoulos, Alexandros and Ivanovi{\'c}, Mirjana},
	booktitle = {Proceedings of the 33rd international ACM SIGIR conference on Research and development in information retrieval},
	date-added = {2022-12-19 23:11:33 +0800},
	date-modified = {2022-12-19 23:11:33 +0800},
	pages = {186--193},
	title = {On the existence of obstinate results in vector space models},
	year = {2010}}

@inproceedings{bonawitz2017practical,
	author = {Bonawitz, Keith and Ivanov, Vladimir and Kreuter, Ben and Marcedone, Antonio and McMahan, H Brendan and Patel, Sarvar and Ramage, Daniel and Segal, Aaron and Seth, Karn},
	booktitle = {Proceedings of the 2017 ACM SIGSAC Conference on Computer and Communications Security (CCS)},
	date-added = {2022-12-19 23:11:33 +0800},
	date-modified = {2022-12-19 23:11:33 +0800},
	organization = {ACM},
	pages = {1175--1191},
	title = {Practical secure aggregation for privacy-preserving machine learning},
	year = {2017}}

@article{zhang2021quality,
	author = {Zhang, Wei and Li, Zhuo and Chen, Xin},
	date-added = {2022-12-19 23:11:33 +0800},
	date-modified = {2022-12-19 23:11:33 +0800},
	journal = {Tsinghua Science and Technology},
	number = {6},
	pages = {869--877},
	publisher = {TUP},
	title = {Quality-aware user recruitment based on federated learning in mobile crowd sensing},
	volume = {26},
	year = {2021}}

@article{luo2019real,
	author = {Luo, Jiahuan and Wu, Xueyang and Luo, Yun and Huang, Anbu and Huang, Yunfeng and Liu, Yang and Yang, Qiang},
	date-added = {2022-12-19 23:11:33 +0800},
	date-modified = {2022-12-19 23:11:33 +0800},
	journal = {arXiv preprint arXiv:1910.11089},
	title = {Real-world image datasets for federated learning},
	year = {2019}}

@inproceedings{wan2013regularization,
	author = {Wan, Li and Zeiler, Matthew and Zhang, Sixin and Le Cun, Yann and Fergus, Rob},
	booktitle = {Proceedings of the 30th International Conference on Machine Learning (ICML)},
	date-added = {2022-12-19 23:11:33 +0800},
	date-modified = {2022-12-19 23:11:33 +0800},
	number = {3},
	pages = {1058--1066},
	title = {Regularization of neural networks using dropconnect},
	volume = {28},
	year = {2013}}

@article{sattler2019robust,
	author = {Sattler, Felix and Wiedemann, Simon and M{\"u}ller, Klaus-Robert and Samek, Wojciech},
	date-added = {2022-12-19 23:11:33 +0800},
	date-modified = {2022-12-19 23:11:33 +0800},
	journal = {IEEE Transactions on Neural Networks and Learning Systems (TNNLS)},
	pages = {1-14},
	publisher = {IEEE},
	title = {Robust and Communication-Efficient Federated Learning From {non-i.i.d.} Data},
	year = {2019}}

@inproceedings{li2014scaling,
	author = {Li, Mu and Andersen, David G and Park, Jun Woo and Smola, Alexander J and Ahmed, Amr and Josifovski, Vanja and Long, James and Shekita, Eugene J and Su, Bor-Yiing},
	booktitle = {Proceedings of the 11th USENIX Symposium on Operating Systems Design and Implementation (OSDI)},
	date-added = {2022-12-19 23:11:33 +0800},
	date-modified = {2022-12-19 23:11:33 +0800},
	pages = {583--598},
	title = {Scaling distributed machine learning with the parameter server},
	year = {2014}}

@article{duan2020self,
	author = {Duan, Moming and Liu, Duo and Chen, Xianzhang and Liu, Renping and Tan, Yujuan and Liang, Liang},
	date-added = {2022-12-19 23:11:33 +0800},
	date-modified = {2022-12-19 23:11:33 +0800},
	journal = {IEEE Transactions on Parallel and Distributed Systems (TPDS)},
	number = {1},
	pages = {59--71},
	publisher = {IEEE},
	title = {Self-balancing federated learning with global imbalanced data in mobile systems},
	volume = {32},
	year = {2020}}

@incollection{golub1971singular,
	author = {Golub, Gene H and Reinsch, Christian},
	booktitle = {Linear Algebra},
	date-added = {2022-12-19 23:11:33 +0800},
	date-modified = {2022-12-19 23:11:33 +0800},
	pages = {134--151},
	publisher = {Springer},
	title = {Singular value decomposition and least squares solutions},
	year = {1971}}

@article{chawla2002smote,
	author = {Chawla, Nitesh V and Bowyer, Kevin W and Hall, Lawrence O and Kegelmeyer, W Philip},
	date-added = {2022-12-19 23:11:33 +0800},
	date-modified = {2022-12-19 23:11:33 +0800},
	journal = {Journal of artificial intelligence research (JAIR)},
	number = {1},
	pages = {321--357},
	publisher = {AI Access Foundation},
	title = {{SMOTE}: synthetic minority over-sampling technique},
	volume = {16},
	year = {2002}}

@article{ratsch2001soft,
	author = {R{\"a}tsch, Gunnar and Onoda, Takashi and M{\"u}ller, K-R},
	date-added = {2022-12-19 23:11:33 +0800},
	date-modified = {2022-12-19 23:11:33 +0800},
	journal = {Machine Learning},
	number = {3},
	pages = {287--320},
	publisher = {Springer},
	title = {Soft margins for {AdaBoost}},
	volume = {42},
	year = {2001}}

@inproceedings{abadi2016tensorflow,
	author = {Abadi, Mart{\'\i}n and Barham, Paul and Chen, Jianmin and Chen, Zhifeng and Davis, Andy and Dean, Jeffrey and Devin, Matthieu and Ghemawat, Sanjay and Irving, Geoffrey and Isard, Michael and others},
	booktitle = {Proceedings of the 12th USENIX Symposium on Operating Systems Design and Implementation (OSDI)},
	date-added = {2022-12-19 23:11:33 +0800},
	date-modified = {2022-12-19 23:11:33 +0800},
	pages = {265--283},
	title = {Tensorflow: A system for large-scale machine learning},
	year = {2016}}

@inproceedings{miller2020effect,
	author = {Miller, John and Krauth, Karl and Recht, Benjamin and Schmidt, Ludwig},
	booktitle = {Proceedings of the 37th International Conference on Machine Learning (ICML)},
	date-added = {2022-12-19 23:11:33 +0800},
	date-modified = {2022-12-19 23:11:33 +0800},
	organization = {PMLR},
	pages = {6905--6916},
	title = {The effect of natural distribution shift on question answering models},
	year = {2020}}

@article{voigt2017eu,
	author = {Voigt, Paul and Von dem Bussche, Axel},
	date-added = {2022-12-19 23:11:33 +0800},
	date-modified = {2022-12-19 23:11:33 +0800},
	journal = {Springer International Publishing},
	publisher = {Springer},
	title = {The {EU} general data protection regulation ({GDPR}): A Practical Guide},
	year = {2017}}

@article{dwork2015reusable,
	author = {Dwork, Cynthia and Feldman, Vitaly and Hardt, Moritz and Pitassi, Toniann and Reingold, Omer and Roth, Aaron},
	date-added = {2022-12-19 23:11:33 +0800},
	date-modified = {2022-12-19 23:11:33 +0800},
	journal = {Science},
	number = {6248},
	pages = {636--638},
	publisher = {American Association for the Advancement of Science},
	title = {The reusable holdout: Preserving validity in adaptive data analysis},
	volume = {349},
	year = {2015}}

@article{lee2020tornadoaggregate,
	author = {Lee, Jin-woo and Oh, Jaehoon and Lim, Sungsu and Yun, Se-Young and Lee, Jae-Gil},
	date-added = {2022-12-19 23:11:33 +0800},
	date-modified = {2022-12-19 23:11:33 +0800},
	journal = {arXiv preprint arXiv:2012.03214},
	title = {TornadoAggregate: Accurate and Scalable Federated Learning via the Ring-Based Architecture},
	year = {2020}}

@inproceedings{bonawitz2019towards,
	author = {Bonawitz, Keith and Eichner, Hubert and Grieskamp, Wolfgang and Huba, Dzmitry and Ingerman, Alex and Ivanov, Vladimir and Kiddon, Chloe and Konecny, Jakub and Mazzocchi, Stefano and McMahan, H Brendan and others},
	booktitle = {Proceedings of the 2nd SysML Conference},
	date-added = {2022-12-19 23:11:33 +0800},
	date-modified = {2022-12-19 23:11:33 +0800},
	title = {Towards Federated Learning at Scale: System Design},
	year = {2019}}

@article{li2019tutorial,
	author = {Li, Xiaocan and Wang, Shuo and Cai, Yinghao},
	date-added = {2022-12-19 23:11:33 +0800},
	date-modified = {2022-12-19 23:11:33 +0800},
	journal = {arXiv preprint arXiv:1906.12085},
	title = {Tutorial: Complexity analysis of Singular Value Decomposition and its variants},
	year = {2019}}

@article{go2009twitter,
	author = {Go, Alec and Bhayani, Richa and Huang, Lei},
	date-added = {2022-12-19 23:11:33 +0800},
	date-modified = {2022-12-19 23:11:33 +0800},
	journal = {CS224N project report, Stanford},
	title = {Twitter sentiment classification using distant supervision},
	year = {2009}}

@inproceedings{wong2016understanding,
	author = {Wong, Sebastien C and Gatt, Adam and Stamatescu, Victor and McDonnell, Mark D},
	booktitle = {Proceedings of the 2016 international conference on digital image computing: techniques and applications (DICTA)},
	date-added = {2022-12-19 23:11:33 +0800},
	date-modified = {2022-12-19 23:11:33 +0800},
	organization = {IEEE},
	pages = {1--6},
	title = {Understanding data augmentation for classification: when to warp?},
	year = {2016}}

@article{xu2019verifynet,
	author = {Xu, Guowen and Li, Hongwei and Liu, Sen and Yang, Kan and Lin, Xiaodong},
	date-added = {2022-12-19 23:11:33 +0800},
	date-modified = {2022-12-19 23:11:33 +0800},
	journal = {IEEE Transactions on Information Forensics and Security (TIFS)},
	pages = {911-926},
	publisher = {IEEE},
	title = {{VerifyNet}: Secure and Verifiable Federated Learning},
	volume = {15},
	year = {2020}}

@inproceedings{Simonyan15,
	author = {Karen Simonyan and	Andrew Zisserman},
	booktitle = {Proceedings of the 3rd International Conference on Learning Representations (ICLR)},
	date-added = {2022-12-19 23:11:33 +0800},
	date-modified = {2022-12-19 23:11:33 +0800},
	organization = {IEEE},
	title = {Very Deep Convolutional Networks for Large-Scale Image Recognition},
	year = {2015}}

@inproceedings{chen2016xgboost,
	author = {Chen, Tianqi and Guestrin, Carlos},
	booktitle = {Proceedings of the 22nd ACM SIGKDD International Conference on Knowledge Discovery and Data Mining (SIGKDD)},
	date-added = {2022-12-19 23:11:33 +0800},
	date-modified = {2022-12-19 23:11:33 +0800},
	organization = {ACM},
	pages = {785--794},
	title = {Xgboost: A scalable tree boosting system},
	year = {2016}}

@article{adamic2002zipf,
	author = {Adamic, Lada A and Huberman, Bernardo A},
	date-added = {2022-12-19 23:11:33 +0800},
	date-modified = {2022-12-19 23:11:33 +0800},
	journal = {Glottometrics},
	number = {1},
	pages = {143--150},
	title = {Zipf's law and the Internet.},
	volume = {3},
	year = {2002}}

@article{yang2021white,
  title={IEEE Federated Machine Learning},
  author={Yang, Qiang and Fan, Lixin and Tong, Richard and Lv, Angelica},
  journal={IEEE Federated Machine Learning - White Paper},
  year={2021},
  publisher={IEEE},
  pages={1-18}
}

@article{IEEEstd3652,
  author={IEEE Computer Society},
  journal={IEEE Std 3652.1-2020}, 
  title={IEEE Guide for Architectural Framework and Application of Federated Machine Learning}, 
  year={2021},
  volume={},
  number={},
  pages={1-69},
  doi={10.1109/IEEESTD.2021.9382202}}

@article{tan2022towards,
  title={Towards personalized federated learning},
  author={Tan, Alysa Ziying and Yu, Han and Cui, Lizhen and Yang, Qiang},
  journal={IEEE Transactions on Neural Networks and Learning Systems (TNNLS)},
  year={2022},
  publisher={IEEE},
  pages={1-17},
  doi={10.1109/TNNLS.2022.3160699}
}

@article{liu2022privacy,
  title={Privacy-preserving aggregation in federated learning: A survey},
  author={Liu, Ziyao and Guo, Jiale and Yang, Wenzhuo and Fan, Jiani and Lam, Kwok-Yan and Zhao, Jun},
  journal={IEEE Transactions on Big Data (TBD)},
  year={2022},
  publisher={IEEE},
  pages={1-20},
  doi={10.1109/TBDATA.2022.3190835}
}

@article{el2022differential,
  title={Differential privacy for deep and federated learning: A survey},
  author={El Ouadrhiri, Ahmed and Abdelhadi, Ahmed},
  journal={IEEE Access},
  volume={10},
  pages={22359--22380},
  year={2022},
  publisher={IEEE},
  doi={10.1109/ACCESS.2022.3151670}
}

@inproceedings{kulkarni2020survey,
  title={Survey of personalization techniques for federated learning},
  author={Kulkarni, Viraj and Kulkarni, Milind and Pant, Aniruddha},
  booktitle={2020 Fourth World Conference on Smart Trends in Systems, Security and Sustainability (WorldS4)},
  pages={794--797},
  year={2020},
  organization={IEEE},
  doi={10.1109/WorldS450073.2020.9210355}
}

@article{yin2021comprehensive,
  title={A comprehensive survey of privacy-preserving federated learning: A taxonomy, review, and future directions},
  author={Yin, Xuefei and Zhu, Yanming and Hu, Jiankun},
  journal={ACM Computing Surveys (CSUR)},
  volume={54},
  number={6},
  pages={1--36},
  year={2021},
  issn = {0360-0300},
  doi = {10.1145/3460427},
  publisher={ACM New York, NY, USA}
}

@article{lyu2020threats,
  title={Threats to federated learning: A survey},
  author={Lyu, Lingjuan and Yu, Han and Yang, Qiang},
  journal={arXiv preprint arXiv:2003.02133},
  year={2020}
}

@article{zhang2021survey,
  title={A survey on federated learning},
  author={Zhang, Chen and Xie, Yu and Bai, Hang and Yu, Bin and Li, Weihong and Gao, Yuan},
  journal={Knowledge-Based Systems (KBS)},
  volume={216},
  pages={106775},
  year={2021},
  publisher={Elsevier},
  doi={10.1016/j.knosys.2021.106775}
}

@article{gupta2022survey,
  title={Survey on federated-learning approaches in distributed environment},
  author={Gupta, Ruchi and Alam, Tanweer},
  journal={Wireless Personal Communications},
  volume={125},
  number={2},
  pages={1631--1652},
  year={2022},
  publisher={Springer},
  doi={10.1007/s11277-022-09624-y}
}

@article{zhu2021federated,
  title={Federated learning on non-IID data: A survey},
  author={Zhu, Hangyu and Xu, Jinjin and Liu, Shiqing and Jin, Yaochu},
  journal={Neurocomputing},
  volume={465},
  pages={371--390},
  year={2021},
  publisher={Elsevier},
  doi={10.1016/j.neucom.2021.07.098}
}

@article{ma2022state,
  title={A state-of-the-art survey on solving non-IID data in Federated Learning},
  author={Ma, Xiaodong and Zhu, Jia and Lin, Zhihao and Chen, Shanxuan and Qin, Yangjie},
  journal={Future Generation Computer Systems},
  volume={135},
  pages={244--258},
  year={2022},
  publisher={Elsevier}
}

@article{aledhari2020federated,
  title={Federated learning: A survey on enabling technologies, protocols, and applications},
  author={Aledhari, Mohammed and Razzak, Rehma and Parizi, Reza M and Saeed, Fahad},
  journal={IEEE Access},
  volume={8},
  pages={140699--140725},
  year={2020},
  publisher={IEEE},
  doi={10.1109/ACCESS.2020.3013541}
}

@article{kairouz2021advances,
  title={Advances and open problems in federated learning},
  author={Kairouz, Peter and McMahan, H Brendan and Avent, Brendan and Bellet, Aur{\'e}lien and Bennis, Mehdi and Bhagoji, Arjun Nitin and Bonawitz, Kallista and Charles, Zachary and Cormode, Graham and Cummings, Rachel and others},
  journal={Foundations and Trends{\textregistered} in Machine Learning},
  volume={14},
  number={1--2},
  pages={1--210},
  year={2021},
  publisher={Now Publishers, Inc.},
  doi = {10.1561/2200000083}  
}

@article{zhang2022federated,
  title={Federated learning for the internet of things: applications, challenges, and opportunities},
  author={Zhang, Tuo and Gao, Lei and He, Chaoyang and Zhang, Mi and Krishnamachari, Bhaskar and Avestimehr, A Salman},
  journal={IEEE Internet of Things Magazine},
  volume={5},
  number={1},
  pages={24--29},
  year={2022},
  publisher={IEEE},
  doi={10.1109/IOTM.004.2100182}
}

@article{zhu2021federatednas,
  title={From federated learning to federated neural architecture search: a survey},
  author={Zhu, Hangyu and Zhang, Haoyu and Jin, Yaochu},
  journal={Complex \& Intelligent Systems},
  volume={7},
  pages={639--657},
  year={2021},
  publisher={Springer},
  doi={10.1007/s40747-020-00247-z}
}

@article{abdulrahman2020survey,
  title={A survey on federated learning: The journey from centralized to distributed on-site learning and beyond},
  author={AbdulRahman, Sawsan and Tout, Hanine and Ould-Slimane, Hakima and Mourad, Azzam and Talhi, Chamseddine and Guizani, Mohsen},
  journal={IEEE Internet of Things Journal},
  volume={8},
  number={7},
  pages={5476--5497},
  year={2020},
  publisher={IEEE},
  doi={10.1109/JIOT.2020.3030072}
}

@article{boopalan2022fusion,
  title={Fusion of federated learning and industrial Internet of Things: A survey},
  author={Boopalan, Parimala and Ramu, Swarna Priya and Pham, Quoc-Viet and Dev, Kapal and Maddikunta, Praveen Kumar Reddy and Gadekallu, Thippa Reddy and Huynh-The, Thien and others},
  journal={Computer Networks},
  pages={109048},
  year={2022},
  publisher={Elsevier},
  doi={10.1016/j.comnet.2022.109048}
}

@article{ramu2022federated,
  title={Federated learning enabled digital twins for smart cities: Concepts, recent advances, and future directions},
  author={Ramu, Swarna Priya and Boopalan, Parimala and Pham, Quoc-Viet and Maddikunta, Praveen Kumar Reddy and Huynh-The, Thien and Alazab, Mamoun and Nguyen, Thanh Thi and Gadekallu, Thippa Reddy},
  journal={Sustainable Cities and Society},
  volume={79},
  pages={103663},
  year={2022},
  publisher={Elsevier},
  doi={10.1016/j.scs.2021.103663}
}

@article{lim2020federated,
  title={Federated learning in mobile edge networks: A comprehensive survey},
  author={Lim, Wei Yang Bryan and Luong, Nguyen Cong and Hoang, Dinh Thai and Jiao, Yutao and Liang, Ying-Chang and Yang, Qiang and Niyato, Dusit and Miao, Chunyan},
  journal={IEEE Communications Surveys \& Tutorials},
  volume={22},
  number={3},
  pages={2031--2063},
  year={2020},
  publisher={IEEE},
  doi={10.1109/COMST.2020.2986024}
}

@article{xu2021federated,
  title={Federated learning for healthcare informatics},
  author={Xu, Jie and Glicksberg, Benjamin S and Su, Chang and Walker, Peter and Bian, Jiang and Wang, Fei},
  journal={Journal of Healthcare Informatics Research},
  volume={5},
  pages={1--19},
  year={2021},
  publisher={Springer},
  doi={10.1007/s41666-020-00082-4}
}